%% This BibTeX bibliography file was created using BibDesk.
%% https://bibdesk.sourceforge.io/

%% Created for Oliver Probst at 2022-08-01 09:32:07 +0200 


%% Saved with string encoding Unicode (UTF-8) 



@unpublished{cite-donze-introduction,
	author = {Alessandra Donz{\'e}},
	date-added = {2022-07-28 17:39:50 +0200},
	date-modified = {2022-07-28 17:41:30 +0200},
	note = {Informatiksysteme, Hardware und Software an der KSWE},
	title = {Einf{\"u}hrung in die Informatik},
	year = {2022}}

@online{def-informatik,
	date-added = {2019-07-26 15:51:46 +0200},
	date-modified = {2022-05-09 08:36:58 +0200},
	lastchecked = {09/05/2022},
	month = {01},
	url = {http://people.inf.ethz.ch/gander/talks/Hochstrasser.pdf},
	year = {2016},
	bdsk-url-1 = {http://people.inf.ethz.ch/gander/talks/Hochstrasser.pdf}}
